<?xml version="1.0" encoding="UTF-8"?><collection xmlns="http://www.loc.gov/MARC21/slim"><record><leader>00414nam--2200145-i-4500</leader><controlfield tag="001">000024037</controlfield><controlfield tag="002">20161230</controlfield><controlfield tag="005">20161230201035</controlfield><controlfield tag="008">060222s1000------------r-----000-0-eng-d</controlfield><datafield ind1=" " ind2=" " tag="080"><subfield code="a">539.183.3</subfield></datafield><datafield ind1=" " ind2=" " tag="245"><subfield code="a">The unitary group. for evalution of electronic energy. matrix elements</subfield></datafield><datafield ind1=" " ind2=" " tag="260"><subfield code="a">Berlin, Springer-verlag, 1981. Vi + 371p</subfield></datafield><datafield ind1=" " ind2=" " tag="490"><subfield code="a">Lecture Notes In Chemistry</subfield></datafield><datafield ind1=" " ind2=" " tag="700"><subfield code="a">Hinze, Jurgen</subfield></datafield><datafield ind1=" " ind2=" " tag="852"><subfield code="a">46527</subfield></datafield></record></collection>